<record><leader>00000cas a22000007a 4500</leader><controlfield tag="001">23373736</controlfield><controlfield tag="008">910404d191919uumnumr ne      0    0eng d</controlfield><datafield ind1=" " ind2=" " tag="010"><subfield code="a">sn 90059320 </subfield></datafield><datafield ind1=" " ind2=" " tag="040"><subfield code="a">MN#</subfield><subfield code="b">eng</subfield><subfield code="c">MN#</subfield><subfield code="d">OCLCQ</subfield><subfield code="d">OCLCO</subfield></datafield><datafield ind1=" " ind2=" " tag="042"><subfield code="a">msc</subfield></datafield><datafield ind1=" " ind2=" " tag="043"><subfield code="a">n-us-mn</subfield></datafield><datafield ind1=" " ind2=" " tag="052"><subfield code="a">4144</subfield><subfield code="b">S4</subfield></datafield><datafield ind1="0" ind2="0" tag="245"><subfield code="a">St. Paul dispatch and St. Paul pioneer press inner wurkins.</subfield></datafield><datafield ind1="3" ind2="0" tag="246"><subfield code="a">Saint Paul dispatch and Saint Paul pioneer press inner wurkins</subfield></datafield><datafield ind1="1" ind2="3" tag="246"><subfield code="a">St. Paul dispatch and pioneer press inner wurkins</subfield></datafield><datafield ind1=" " ind2=" " tag="260"><subfield code="a">St. Paul :</subfield><subfield code="b">Dispatch Print Co.,</subfield><subfield code="c">1919-</subfield></datafield><datafield ind1=" " ind2=" " tag="300"><subfield code="a">v.</subfield></datafield><datafield ind1=" " ind2=" " tag="310"><subfield code="a">Monthly</subfield></datafield><datafield ind1="0" ind2=" " tag="362"><subfield code="a">Vol. 1, no. 1 (Feb. 1919).</subfield></datafield><datafield ind1="2" ind2="0" tag="610"><subfield code="a">Dispatch Printing Company (Saint Paul, Minn.)</subfield><subfield code="x">Employees</subfield><subfield code="v">Periodicals.</subfield></datafield><datafield ind1=" " ind2="0" tag="650"><subfield code="a">American newspapers</subfield><subfield code="z">Minnesota</subfield><subfield code="z">Saint Paul</subfield><subfield code="x">Employees</subfield><subfield code="v">Periodicals.</subfield></datafield><datafield ind1=" " ind2=" " tag="752"><subfield code="a">United States</subfield><subfield code="b">Minnesota</subfield><subfield code="c">Ramsey</subfield><subfield code="d">Saint Paul.</subfield></datafield></record>